<record><leader>00000cas a2200000Ma 4500</leader><controlfield tag="001">11098863</controlfield><controlfield tag="008">840828d18591860inudn ne      0    0eng d</controlfield><datafield ind1=" " ind2=" " tag="010"><subfield code="a">sn 84023945 </subfield></datafield><datafield ind1=" " ind2=" " tag="040"><subfield code="a">AQM</subfield><subfield code="b">eng</subfield><subfield code="c">AQM</subfield><subfield code="d">OCLCQ</subfield><subfield code="d">IUL</subfield></datafield><datafield ind1="0" ind2=" " tag="130"><subfield code="a">Daily evening Atlas (Indianapolis, Ind.)</subfield></datafield><datafield ind1="1" ind2="0" tag="245"><subfield code="a">Daily evening Atlas.</subfield></datafield><datafield ind1="3" ind2="0" tag="246"><subfield code="a">Daily Atlas</subfield></datafield><datafield ind1=" " ind2=" " tag="260"><subfield code="a">Indianapolis, Ind. :</subfield><subfield code="b">John D. Defrees,</subfield><subfield code="c">1859-1860.</subfield></datafield><datafield ind1=" " ind2=" " tag="310"><subfield code="a">Daily (except Sun.)</subfield></datafield><datafield ind1="0" ind2=" " tag="362"><subfield code="a">Vol. 1, no. 1 (Aug 22, 1859)-v. 1, no. 174 (Mar. 12, 1860).</subfield></datafield><datafield ind1=" " ind2=" " tag="500"><subfield code="a">"Evening" appears in title ornament, &lt;1859&gt;.</subfield></datafield><datafield ind1=" " ind2=" " tag="580"><subfield code="a">Also published in a weekly ed. called: The Weekly Atlas (Indianapolis, Ind.).</subfield></datafield><datafield ind1=" " ind2=" " tag="580"><subfield code="a">Also published in a three times a week ed. called: Tri-weekly Atlas.</subfield></datafield><datafield ind1=" " ind2="7" tag="655"><subfield code="a">Newspapers.</subfield><subfield code="2">rbgenr</subfield></datafield><datafield ind1=" " ind2=" " tag="752"><subfield code="a">United States</subfield><subfield code="b">Indiana</subfield><subfield code="c">Marion</subfield><subfield code="d">Indianapolis.</subfield></datafield><datafield ind1="0" ind2=" " tag="775"><subfield code="t">Weekly Atlas (Indianapolis, Ind.)</subfield><subfield code="w">(DLC)sn 84023958</subfield><subfield code="w">(OCoLC)11102652</subfield></datafield><datafield ind1="0" ind2=" " tag="775"><subfield code="t">Tri-weekly Atlas</subfield></datafield><datafield ind1="0" ind2="5" tag="780"><subfield code="t">Indianapolis daily citizen</subfield><subfield code="w">(DLC)sn 84023954</subfield><subfield code="w">(OCoLC)11101242</subfield></datafield><datafield ind1="0" ind2="4" tag="785"><subfield code="t">Indianapolis daily journal</subfield><subfield code="w">(DLC)sn 82015681</subfield><subfield code="w">(OCoLC)8811303</subfield></datafield></record>